[gd_scene load_steps=7 format=2]

[ext_resource path="res://Scripts/Score.cs" type="Script" id=1]
[ext_resource path="res://sprites/score_card.png" type="Texture" id=2]
[ext_resource path="res://Fonts/Amble-Bold.ttf" type="DynamicFontData" id=3]
[ext_resource path="res://sprites/ball.png" type="Texture" id=4]


[sub_resource type="DynamicFont" id=1]
size = 70
outline_size = 1
outline_color = Color( 0.298039, 0.384314, 0.396078, 1 )
use_filter = true
font_data = ExtResource( 3 )

[sub_resource type="DynamicFont" id=2]
size = 70
outline_size = 1
outline_color = Color( 0.298039, 0.384314, 0.396078, 1 )
use_filter = true
extra_spacing_char = 14
font_data = ExtResource( 3 )

[node name="Score Board" type="Control"]
anchor_right = 1.0
anchor_bottom = 1.0
margin_left = 0.630249
margin_right = 0.630249
script = ExtResource( 1 )

[node name="TextureRect" type="TextureRect" parent="."]
margin_right = 40.0
margin_bottom = 40.0
texture = ExtResource( 2 )

[node name="Score Label" type="Label" parent="."]
margin_left = 42.3
margin_top = 29.65
margin_right = 434.3
margin_bottom = 173.65
rect_rotation = -7.2
custom_fonts/font = SubResource( 1 )
custom_colors/font_color = Color( 0.482353, 0.643137, 0.560784, 1 )
custom_colors/font_outline_modulate = Color( 0.0666667, 0.0313726, 0.0313726, 1 )
custom_colors/font_color_shadow = Color( 0, 0, 0, 1 )
custom_constants/shadow_offset_x = 4
custom_constants/shadow_offset_y = 10
text = "Score:"
uppercase = true

[node name="Score" type="Label" parent="."]
margin_left = 60.3
margin_top = 73.6501
margin_right = 452.3
margin_bottom = 217.65
rect_rotation = -7.2
custom_fonts/font = SubResource( 1 )
custom_colors/font_color = Color( 0.745098, 1, 0.980392, 1 )
custom_colors/font_outline_modulate = Color( 0.0666667, 0.0313726, 0.0313726, 1 )
custom_colors/font_color_shadow = Color( 0, 0, 0, 1 )
custom_constants/shadow_offset_x = 4
custom_constants/shadow_offset_y = 10
text = "00000000"
uppercase = true

[node name="Balls Remaining" type="Control" parent="."]
margin_left = 113.911
margin_top = 181.463
margin_right = 302.911
margin_bottom = 276.463
rect_rotation = 2.4

[node name="X" type="Label" parent="Balls Remaining"]
margin_left = 20.9868
margin_top = 1.70354
margin_right = 412.987
margin_bottom = 145.704
custom_fonts/font = SubResource( 2 )
custom_colors/font_color = Color( 0.482353, 0.643137, 0.560784, 1 )
custom_colors/font_outline_modulate = Color( 0.0666667, 0.0313726, 0.0313726, 1 )
custom_colors/font_color_shadow = Color( 0, 0, 0, 1 )
custom_constants/shadow_offset_x = 4
custom_constants/shadow_offset_y = 10
text = "-"
uppercase = true

[node name="Count" type="Label" parent="Balls Remaining"]
margin_left = 72.3697
margin_top = 0.782715
margin_right = 464.37
margin_bottom = 171.783
custom_fonts/font = SubResource( 2 )
custom_colors/font_color = Color( 0.482353, 0.643137, 0.560784, 1 )
custom_colors/font_outline_modulate = Color( 0.0666667, 0.0313726, 0.0313726, 1 )
custom_colors/font_color_shadow = Color( 0, 0, 0, 1 )
custom_constants/shadow_offset_x = 4
custom_constants/shadow_offset_y = 10
text = "3
"
uppercase = true

[node name="Ball Sprite" type="Sprite" parent="Balls Remaining"]
position = Vector2( -19.8147, 46.3526 )
scale = Vector2( 0.429302, 0.429302 )
texture = ExtResource( 4 )
